<?xml version="1.0" encoding="UTF-8"?><collection xmlns="http://www.loc.gov/MARC21/slim"><record><leader>00495nam--2200169-i-4500</leader><controlfield tag="001">000022733</controlfield><controlfield tag="002">20161230</controlfield><controlfield tag="005">20161230201034</controlfield><controlfield tag="008">060222s1000------------r-----000-0-eng-d</controlfield><datafield ind1=" " ind2=" " tag="040"><subfield code="a">IFIN-HH</subfield></datafield><datafield ind1=" " ind2=" " tag="080"><subfield code="a">539.171</subfield></datafield><datafield ind1="1" ind2=" " tag="100"><subfield code="a">Harari, Haim</subfield></datafield><datafield ind1="1" ind2="0" tag="245"><subfield code="a">The pomeranchunk trajectory and its relation to low energy scatering amplitudes</subfield><subfield code="c">Haim harari</subfield></datafield><datafield ind1=" " ind2=" " tag="260"><subfield code="a">Rehovoth, Israel</subfield><subfield code="b">Weizman Institute Of Science</subfield><subfield code="c">/F.An.</subfield></datafield><datafield ind1=" " ind2=" " tag="300"><subfield code="a">10 P</subfield></datafield><datafield ind1=" " ind2=" " tag="852"><subfield code="a">26932</subfield><subfield code="c">539.17</subfield></datafield><datafield ind1=" " ind2=" " tag="CAT"><subfield code="a">Sys</subfield><subfield code="c">20120601</subfield><subfield code="h">103307</subfield></datafield></record></collection>